@inbook{braindamage,
author = {Cun, Yann Le and Denker, John S. and Solla, Sara A.},
title = {Optimal Brain Damage},
year = {1990},
isbn = {1558601007},
publisher = {Morgan Kaufmann Publishers Inc.},
address = {San Francisco, CA, USA},
booktitle = {Advances in Neural Information Processing Systems 2},
pages = {598â€“605},
numpages = {8}
}

@inproceedings{lottery,
title={The Lottery Ticket Hypothesis: Finding Sparse, Trainable Neural Networks},
author={Jonathan Frankle and Michael Carbin},
booktitle={International Conference on Learning Representations},
year={2019},
}

@inproceedings{supermask,
 author = {Zhou, Hattie and Lan, Janice and Liu, Rosanne and Yosinski, Jason},
 booktitle = {Advances in Neural Information Processing Systems},
 editor = {H. Wallach and H. Larochelle and A. Beygelzimer and F. d\textquotesingle Alch\'{e}-Buc and E. Fox and R. Garnett},
 pages = {3597--3607},
 publisher = {Curran Associates, Inc.},
 title = {Deconstructing Lottery Tickets: Zeros, Signs, and the Supermask},
 volume = {32},
 year = {2019}
}

@inproceedings{brainsurgeon,
 author = {Hassibi, Babak and Stork, David},
 booktitle = {Advances in Neural Information Processing Systems},
 editor = {S. Hanson and J. Cowan and C. Giles},
 pages = {},
 publisher = {Morgan-Kaufmann},
 title = {Second order derivatives for network pruning: Optimal Brain Surgeon},
 url = {https://proceedings.neurips.cc/paper/1992/file/303ed4c69846ab36c2904d3ba8573050-Paper.pdf},
 volume = {5},
 year = {1993}
}

@inproceedings{learning-weights-connections,
 author = {Han, Song and Pool, Jeff and Tran, John and Dally, William},
 booktitle = {Advances in Neural Information Processing Systems},
 editor = {C. Cortes and N. Lawrence and D. Lee and M. Sugiyama and R. Garnett},
 pages = {},
 publisher = {Curran Associates, Inc.},
 title = {Learning both Weights and Connections for Efficient Neural Network},
 url = {https://proceedings.neurips.cc/paper/2015/file/ae0eb3eed39d2bcef4622b2499a05fe6-Paper.pdf},
 volume = {28},
 year = {2015}
}

@inproceedings{pruning-filters,
author = {Li, Hao and Kadav, Asim and Durdanovic, Igor and Samet, Hanan and Graf, H.P.},
year = {2017},
title = {Pruning Filters for Efficient ConvNets},
booktitle={International Conference on Learning Representations},
}

@article{mnist,
  title={The mnist database of handwritten digit images for machine learning research},
  author={Deng, Li},
  journal={IEEE Signal Processing Magazine},
  volume={29},
  number={6},
  pages={141--142},
  year={2012},
  publisher={IEEE}
}

@inproceedings{adam,
  author    = {Diederik P. Kingma and
               Jimmy Ba},
  editor    = {Yoshua Bengio and
               Yann LeCun},
  title     = {Adam: {A} Method for Stochastic Optimization},
  booktitle = {3rd International Conference on Learning Representations, {ICLR} 2015,
               San Diego, CA, USA, May 7-9, 2015, Conference Track Proceedings},
  year      = {2015},
  url       = {http://arxiv.org/abs/1412.6980},
  timestamp = {Thu, 25 Jul 2019 14:25:37 +0200},
  biburl    = {https://dblp.org/rec/journals/corr/KingmaB14.bib},
  bibsource = {dblp computer science bibliography, https://dblp.org}
}

@incollection{pytorch,
title = {PyTorch: An Imperative Style, High-Performance Deep Learning Library},
author = {Paszke, Adam and Gross, Sam and Massa, Francisco and Lerer, Adam and Bradbury, James and Chanan, Gregory and Killeen, Trevor and Lin, Zeming and Gimelshein, Natalia and Antiga, Luca and Desmaison, Alban and Kopf, Andreas and Yang, Edward and DeVito, Zachary and Raison, Martin and Tejani, Alykhan and Chilamkurthy, Sasank and Steiner, Benoit and Fang, Lu and Bai, Junjie and Chintala, Soumith},
booktitle = {Advances in Neural Information Processing Systems 32},
editor = {H. Wallach and H. Larochelle and A. Beygelzimer and F. d\textquotesingle Alch\'{e}-Buc and E. Fox and R. Garnett},
pages = {8024--8035},
year = {2019},
publisher = {Curran Associates, Inc.},
url = {http://papers.neurips.cc/paper/9015-pytorch-an-imperative-style-high-performance-deep-learning-library.pdf}
}